@book{koza92,
		author    = "Koza, John R.",
		title     = "Genetic Programming: On the Programming of Computers by Means of Natural Selection",
		publisher = "MIT Press",
		year      = "1992"
}


@misc{ wiki:latex,
       author = "Wikipedia",
       title = "LaTeX --- Wikipedia{,} La enciclopedia libre",
       year = "2015",
       url = "https://es.wikipedia.org/w/index.php?title=LaTeX&oldid=84209252",
       note = "[Internet; descargado 30-septiembre-2015]"
}


@article{bortolot2005,
  title={Estimating forest biomass using small footprint LiDAR data: An individual tree-based approach that incorporates training data},
  author={Bortolot, Zachary J and Wynne, Randolph H},
  journal={ISPRS Journal of Photogrammetry and Remote Sensing},
  volume={59},
  number={6},
  pages={342--360},
  year={2005},
  publisher={Elsevier}
}

@misc{ ML:machinelearning_conceptos,
       author = "MatWorks",
       title = "Machine Learning, Tres cosas que es necesario saber",
       howpublished="\url{https://es.mathworks.com/discovery/machine-learning.html}"
}

@misc{ ML:deeplearningimg,
       author = "Adrián Hernández",
       title = "Por qué el deep learning funciona tan bien?",
       year = "2017",
       howpublished="\url{https://mlearninglab.com/2017/09/20/por-que-el-deep-learning-funciona-tan-bien/}"
}

@misc{girshick2014rich,
      title={Rich feature hierarchies for accurate object detection and semantic segmentation}, 
      author={Ross Girshick and Jeff Donahue and Trevor Darrell and Jitendra Malik},
      year={2014},
      eprint={1311.2524},
      archivePrefix={arXiv},
      primaryClass={cs.CV}
}

@misc{girshick2015fast,
      title={Fast R-CNN}, 
      author={Ross Girshick},
      year={2015},
      eprint={1504.08083},
      archivePrefix={arXiv},
      primaryClass={cs.CV}
}

@misc{ren2016faster,
      title={Faster R-CNN: Towards Real-Time Object Detection with Region Proposal Networks}, 
      author={Shaoqing Ren and Kaiming He and Ross Girshick and Jian Sun},
      year={2016},
      eprint={1506.01497},
      archivePrefix={arXiv},
      primaryClass={cs.CV}
}

@misc{ metrics:iou,
       author = "Adrian Rosebrock",
       title = "Intersection over Union - visual equation",
       year = "2016",
       howpublished="\url{https://commons.wikimedia.org/wiki/File:Intersection_over_Union_-_visual_equation.png}"
}

@misc{ metrics:iou-results,
       author = "Adrian Rosebrock",
       title = "Intersection over Union - poor, good and excellent score",
       year = "2016",
       howpublished="\url{https://commons.wikimedia.org/wiki/File:Intersection_over_Union_-_poor,_good_and_excellent_score.png}"
}


@misc{ DT2:Documentacion,
       author = "Detectron2",
       title = "Detectron2 Documentation",
       year = "2020",
       howpublished="\url{https://detectron2.readthedocs.io/en/latest/index.html}"
}

@misc{ DT2:Training,
       author = "Detectron2",
       title = "Detectron2 Training",
       year = "2020",
       howpublished="\url{https://detectron2.readthedocs.io/en/latest/tutorials/training.html#custom-training-loop}"
}

@article{ R-CNN:article,
  title= "Rich feature hierarchies for accurate object detection and semantic segmentation
Tech report (v5)",
  author=" Ross Girshick Jeff Donahue Trevor Darrell Jitendra Malik
UC Berkeley",
  year="2014",
  url="\url{https://arxiv.org/pdf/1311.2524.pdf}"
}

@misc{he2018mask,
      title={Mask R-CNN}, 
      author={Kaiming He and Georgia Gkioxari and Piotr Dollár and Ross Girshick},
      year={2018},
      eprint={1703.06870},
      archivePrefix={arXiv},
      primaryClass={cs.CV}
}

@misc{ metrics:precision-recall,
       author = "Walber",
       title = "Precisionrecall.svg",
       year = "2014",
       howpublished="\url{https://en.wikipedia.org/wiki/File:Precisionrecall.svg}"
}

@misc{ metrics:guia-google,
       author = "Google",
       title = "Clasificación: Precisión y exhaustividad",
       year = "2020",
       howpublished="\url{https://developers.google.com/machine-learning/crash-course/classification/precision-and-recall?hl=es-419}"
}

@misc{wiki:Kunihiko_Fukushima,
   author = "Wikipedia",
   title = "{Kunihiko Fukushima} --- {W}ikipedia{,} The Free Encyclopedia",
   year = "2021",
   howpublished = {\url{http://en.wikipedia.org/w/index.php?title=Kunihiko\%20Fukushima&oldid=1001400557}}  
 }

@misc{ cnn:convolucion,
       author = "Vincent Dumoulin, Francesco Visin",
       title = "Convolution arithmetic - Padding strides odd",
       year = "2016",
       howpublished="\url{https://commons.wikimedia.org/wiki/File:Convolution_arithmetic_-_Padding_strides_odd.gif}"
}

@misc{ cnn:pooling,
       author = "Aphex34",
       title = "Max pooling",
       year = "2015",
       howpublished="\url{https://commons.wikimedia.org/wiki/File:Max_pooling.png}"
}

@ARTICLE{10.3389/frai.2020.00004,
  AUTHOR={Emmert-Streib, Frank and Yang, Zhen and Feng, Han and Tripathi, Shailesh and Dehmer, Matthias},   
    TITLE={An Introductory Review of Deep Learning for Prediction Models With Big Data},      
    JOURNAL={Frontiers in Artificial Intelligence},      
    VOLUME={3},      
    PAGES={4},     
    YEAR={2020},      
    URL={https://www.frontiersin.org/article/10.3389/frai.2020.00004},       
    DOI={10.3389/frai.2020.00004},      
    ISSN={2624-8212},   
    ABSTRACT={Deep learning models stand for a new learning paradigm in artificial intelligence (AI) and machine learning. Recent breakthrough results in image analysis and speech recognition have generated a massive interest in this field because also applications in many other domains providing big data seem possible. On a downside, the mathematical and computational methodology underlying deep learning models is very challenging, especially for interdisciplinary scientists. For this reason, we present in this paper an introductory review of deep learning approaches including Deep Feedforward Neural Networks (D-FFNN), Convolutional Neural Networks (CNNs), Deep Belief Networks (DBNs), Autoencoders (AEs), and Long Short-Term Memory (LSTM) networks. These models form the major core architectures of deep learning models currently used and should belong in any data scientist's toolbox. Importantly, those core architectural building blocks can be composed flexibly—in an almost Lego-like manner—to build new application-specific network architectures. Hence, a basic understanding of these network architectures is important to be prepared for future developments in AI.}
}


@article{ articulos:approaches,
  title= "Approaches for Accuracy Improvement of the X-ray Image Defect Detection of Automobile Casting Aluminum Parts Based on Deep Learning",
  author="Du Wangzhe Hongyao Shen Fu Jianzhong Ge Zhang Quan He",
  year="2019",
  url="\url{https://www.researchgate.net/publication/334396896_Approaches_for_Accuracy_Improvement_of_the_X-ray_Image_Defect_Detection_of_Automobile_Casting_Aluminum_Parts_Based_on_Deep_Learning}"
}

@article{ articulos:tiny-parts,
  title= "Real-Time Tiny Part Defect Detection System in Manufacturing Using Deep Learning",
  author="Jing Yang Shaobo Li Zheng Wang Guanci Yang",
  year="2019",
  url="\url{https://ieeexplore.ieee.org/abstract/document/8750887}"
}

@article{Liu_2016,
   title={SSD: Single Shot MultiBox Detector},
   ISBN={9783319464480},
   ISSN={1611-3349},
   url={http://dx.doi.org/10.1007/978-3-319-46448-0_2},
   DOI={10.1007/978-3-319-46448-0_2},
   journal={Lecture Notes in Computer Science},
   publisher={Springer International Publishing},
   author={Liu, Wei and Anguelov, Dragomir and Erhan, Dumitru and Szegedy, Christian and Reed, Scott and Fu, Cheng-Yang and Berg, Alexander C.},
   year={2016},
   pages={21–37}
}

@misc{redmon2016look,
      title={You Only Look Once: Unified, Real-Time Object Detection}, 
      author={Joseph Redmon and Santosh Divvala and Ross Girshick and Ali Farhadi},
      year={2016},
      eprint={1506.02640},
      archivePrefix={arXiv},
      primaryClass={cs.CV}
}