@book{koza92,
		author    = "Koza, John R.",
		title     = "Genetic Programming: On the Programming of Computers by Means of Natural Selection",
		publisher = "MIT Press",
		year      = "1992"
}


@misc{ wiki:latex,
       author = "Wikipedia",
       title = "LaTeX --- Wikipedia{,} La enciclopedia libre",
       year = "2015",
       url = "https://es.wikipedia.org/w/index.php?title=LaTeX&oldid=84209252",
       note = "[Internet; descargado 30-septiembre-2015]"
}

@misc{ repositorio:ferguson,
    author = "Max Ferguson",
    title = "Detection and Segmentation of Manufacturing Defects with Convolutional Neural Networks and Transfer Learning",
    year = "2016",
    howpublished="\url{https://github.com/maxkferg/metal-defect-detection}",
}

@misc{ repositorio:propio,
    author = "Fco Javier Yagüe Izquierdo",
    title = "TFG GII-20.04 Detección de defectos metálicos mediante deep learning",
    year = "2021",
    howpublished="\url{https://github.com/fyi0000/TFG-GII-20.04/}",
}

@misc{ detecron2:instalacion,
    author = "Detectron2",
    title = "Installation",
    year = "2020",
    howpublished="\url{https://detectron2.readthedocs.io/en/latest/tutorials/install.html}",
}
